@misc{nyt,
    title={Nobel Prize in Medicine is Awarded for Discovery of Brain's `Inner GPS'},
    howpublished={http://www.nytimes.com/2014/10/07/science/nobel-prize-medicine.html},
    note={Accessed: 2014-10-06}
}

@misc{press,
    title={Nobel Press release},
    howpublished={http://www.nobelprize.org/nobel\_prizes/medicine/laureates/2014/press.pdf},
    note={Accessed: 2014-10-06}
}

@article{nobel1a,
  title={The hippocampus as a spatial map. Preliminary evidence from unit activity in the freely-moving rat},
  author={O'Keefe, John and Dostrovsky, Jonathan},
  journal={Brain research},
  volume={34},
  number={1},
  pages={171--175},
  year={1971},
  publisher={Elsevier}
}

@article{nobel1b,
  title={Place units in the hippocampus of the freely moving rat},
  author={O'Keefe, John},
  journal={Experimental neurology},
  volume={51},
  number={1},
  pages={78--109},
  year={1976},
  publisher={Elsevier}
}

@article{nobel2a,
  title={Spatial representation in the entorhinal cortex},
  author={Fyhn, Marianne and Molden, Sturla and Witter, Menno P and Moser, Edvard I and Moser, May-Britt},
  journal={Science},
  volume={305},
  number={5688},
  pages={1258--1264},
  year={2004},
  publisher={American Association for the Advancement of Science}
}

@article{nobel2b,
  title={Microstructure of a spatial map in the entorhinal cortex},
  author={Hafting, Torkel and Fyhn, Marianne and Molden, Sturla and Moser, May-Britt and Moser, Edvard I},
  journal={Nature},
  volume={436},
  number={7052},
  pages={801--806},
  year={2005},
  publisher={Nature Publishing Group}
}

@article{nobel2c,
  title={Conjunctive representation of position, direction, and velocity in entorhinal cortex},
  author={Sargolini, Francesca and Fyhn, Marianne and Hafting, Torkel and McNaughton, Bruce L and Witter, Menno P and Moser, May-Britt and Moser, Edvard I},
  journal={Science},
  volume={312},
  number={5774},
  pages={758--762},
  year={2006},
  publisher={American Association for the Advancement of Science}
}

@article{fluid,
  title={The fluid mosaic model of the structure of cell membranes},
  author={Singer, S Jonathan and Nicolson, Garth L and others},
  journal={Science},
  volume={175},
  number={23},
  pages={720--731},
  year={1972}
}

@article{membranes,
  title={Membranes are more mosaic than fluid},
  author={Engelman, Donald M},
  journal={Nature},
  volume={438},
  number={7068},
  pages={578--580},
  year={2005},
  publisher={Nature Publishing Group}
}

@article{curvature,
  title={Membrane curvature and mechanisms of dynamic cell membrane remodelling},
  author={McMahon, Harvey T and Gallop, Jennifer L},
  journal={Nature},
  volume={438},
  number={7068},
  pages={590--596},
  year={2005},
  publisher={Nature Publishing Group}
}

@article{bending,
  title={Bending energy of vesicle membranes: General expressions for the first, second, and third variation of the shape energy and applications to spheres and cylinders},
  author={Zhong-Can, Ou-Yang and Helfrich, Wolfgang},
  journal={Physical Review A},
  volume={39},
  number={10},
  pages={5280},
  year={1989},
  publisher={APS}
}
