@article{gerhart,
  title={The theory of facilitated variation},
  author={Gerhart, John and Kirschner, Marc},
  journal={Proceedings of the National Academy of Sciences},
  volume={104},
  number={suppl 1},
  pages={8582--8589},
  year={2007},
  publisher={National Acad Sciences}
}

@article{alon,
  title={Biological networks: the tinkerer as an engineer},
  author={Alon, Uri},
  journal={Science},
  volume={301},
  number={5641},
  pages={1866--1867},
  year={2003},
  publisher={American Association for the Advancement of Science}
}

@article{lynch,
  title={The frailty of adaptive hypotheses for the origins of organismal complexity},
  author={Lynch, Michael},
  journal={Proceedings of the National Academy of Sciences},
  volume={104},
  number={Suppl 1},
  pages={8597--8604},
  year={2007},
  publisher={National Acad Sciences}
}

@misc{bp-wa,
    title={Wolfram Alpha},
    howpublished={http://www.wolframalpha.com/input/?i=base+pair},
    note={Accessed: 2014-09-13}
}

@misc{genome-reports,
    title={NCBI Genome database},
    howpublished={ftp://ftp.ncbi.nlm.nih.gov/genomes/GENOME\_REPORTS},
    note={Accessed: 2014-09-13}
}

@misc{human-genome-wa,
    title={Wolfram Alpha},
    howpublished={http://www.wolframalpha.com/input/?i=size+of+human+genome},
    note={Accessed: 2014-09-13}
}

@book{mtiv,
  title={Microtubules, in vitro},
  author={Wilson, Leslie and Correia, John J},
  volume={95},
  year={2010},
  publisher={Academic Press}
}

@article{amos,
  title={Arrangement of subunits in flagellar microtubules},
  author={Amos, Linda A and Klug, A},
  journal={Journal of cell science},
  volume={14},
  number={3},
  pages={523--549},
  year={1974},
  publisher={The Company of Biologists Ltd}
}
