@article{odde,
  title={Estimation of the diffusion-limited rate of microtubule assembly},
  author={Odde, David J},
  journal={Biophysical journal},
  volume={73},
  number={1},
  pages={88--96},
  year={1997},
  publisher={Elsevier}
}

@article{witten,
  title={Diffusion-limited aggregation, a kinetic critical phenomenon},
  author={Witten Jr, TA and Sander, Leonard M},
  journal={Physical review letters},
  volume={47},
  number={19},
  pages={1400},
  year={1981},
  publisher={APS}
}

@article{pollard,
  title={Molecular mechanisms controlling actin filament dynamics in nonmuscle cells},
  author={Pollard, Thomas D and Blanchoin, Laurent and Mullins, R Dyche},
  journal={Annual review of biophysics and biomolecular structure},
  volume={29},
  number={1},
  pages={545--576},
  year={2000},
  publisher={Annual Reviews 4139 El Camino Way, PO Box 10139, Palo Alto, CA 94303-0139, USA}
}

@misc{predict,
    title={Thomson Reuters Predicts 2014 Nobel Laureates},
    howpublished={http://thomsonreuters.com/press-releases/092014/2014-nobel-laureates-predictions},
    note={Accessed: 2014-10-01}
}

@misc{eukaryotic,
    title={Eukaryotic transcription},
    howpublished={http://en.wikipedia.org/wiki/Eukaryotic\_transcription},
    note={Accessed: 2014-10-01}
}

@misc{lasker,
    title={Lasker award},
    howpublished={http://newswire.rockefeller.edu/2003/09/13/lasker-award-american-nobel-honors-rockefeller-university-scientist-robert-roeder-for-pioneering-studies-of-how-human-genes-are-switched-on-and-off/},
    note={Accessed: 2014-10-01}
}

@misc{nociception,
    title={Nociception},
    howpublished={http://en.wikipedia.org/wiki/Nociception},
    note={Accessed: 2014-10-01}
}

@misc{shaw,
    title={Shaw prize},
    howpublished={http://www.ucsf.edu/news/2010/05/5991/julius-named-receive-shaw-prize},
    note={Accessed: 2014-10-01}
}

@article{julius,
  title={The capsaicin receptor: a heat-activated ion channel in the pain pathway},
  author={Caterina, Michael J and Schumacher, Mark A and Tominaga, Makoto and Rosen, Tobias A and Levine, Jon D and Julius, David},
  journal={Nature},
  volume={389},
  number={6653},
  pages={816--824},
  year={1997},
  publisher={Nature Publishing Group}
}

@misc{cnv,
    title={Copy-number variation},
    howpublished={http://en.wikipedia.org/wiki/Copy-number\_variation},
    note={Accessed: 2014-10-01}
}

@article{novo,
  title={De novo gene disruptions in children on the autistic spectrum},
  author={Iossifov, Ivan and Ronemus, Michael and Levy, Dan and Wang, Zihua and Hakker, Inessa and Rosenbaum, Julie and Yamrom, Boris and Lee, Yoon-ha and Narzisi, Giuseppe and Leotta, Anthony and others},
  journal={Neuron},
  volume={74},
  number={2},
  pages={285--299},
  year={2012},
  publisher={Elsevier}
}
