@article{ct-review1,
  title={Chromosome territories, nuclear architecture and gene regulation in mammalian cells},
  author={Cremer, Thomas and Cremer, Christoph},
  journal={Nature reviews genetics},
  volume={2},
  number={4},
  pages={292--301},
  year={2001},
  publisher={Nature Publishing Group}
}

@article{ct-review2,
  title={The genome and the nucleus: a marriage made by evolution},
  author={Foster, Helen A and Bridger, Joanna M},
  journal={Chromosoma},
  volume={114},
  number={4},
  pages={212--229},
  year={2005},
  publisher={Springer}
}

@article{ct-review3,
  title={Chromosome territories--a functional nuclear landscape},
  author={Cremer, Thomas and Cremer, Marion and Dietzel, Steffen and M{\"u}ller, Stefan and Solovei, Irina and Fakan, Stanislav},
  journal={Current opinion in cell biology},
  volume={18},
  number={3},
  pages={307--316},
  year={2006},
  publisher={Elsevier}
}

@article{old,
  title={\"Uber Zellteilung},
  author={Rabl, K},
  journal={Gegenbaurs Morphol Jahrb},
  volume={10},
  pages={214--330},
  year={1885},
}

@article{zorn,
  title={Unscheduled DNA synthesis after partial UV irradiation of the cell nucleus: distribution in interphase and metaphase},
  author={Zorn, Christian and Cremer, Christoph and Cremer, Thomas and Zimmer, J{\"u}rgen},
  journal={Experimental cell research},
  volume={124},
  number={1},
  pages={111--119},
  year={1979},
  publisher={Elsevier}
}

@article{hamster,
  title={Rabl's model of the interphase chromosome arrangement tested in Chinese hamster cells by premature chromosome condensation and laser-UV-microbeam experiments},
  author={Cremer, Thomas and Cremer, Christoph and Baumann, H and Luedtke, EK and Sperling, K and Teuber, V and Zorn, Christian},
  journal={Human genetics},
  volume={60},
  number={1},
  pages={46--56},
  year={1982},
  publisher={Springer}
}

@inproceedings{cremer,
  title={Role of chromosome territories in the functional compartmentalization of the cell nucleus},
  author={Cremer, Thomas and Kurz, A and Zirbel, R and Dietzel, S and Rinke, B and Schr{\"o}ck, Evelin and Speicher, Michael R and Mathieu, U and Jauch, Anna and Emmerich, Patricia and others},
  booktitle={Cold Spring Harbor Symposia on Quantitative Biology},
  volume={58},
  pages={777--792},
  year={1993},
  organization={Cold Spring Harbor Laboratory Press}
}

@article{local,
  title={Differences in the localization and morphology of chromosomes in the human nucleus},
  author={Croft, Jenny A and Bridger, Joanna M and Boyle, Shelagh and Perry, Paul and Teague, Peter and Bickmore, Wendy A},
  journal={The Journal of cell biology},
  volume={145},
  number={6},
  pages={1119--1131},
  year={1999},
  publisher={Rockefeller Univ Press}
}

@article{3c-review1,
  title={The three'C's of chromosome conformation capture: controls, controls, controls},
  author={Dekker, Job},
  journal={Nature methods},
  volume={3},
  number={1},
  pages={17--21},
  year={2005},
  publisher={Nature Publishing Group}
}

@article{3c-review2,
  title={An evaluation of 3C-based methods to capture DNA interactions},
  author={Simonis, Marieke and Kooren, Jurgen and De Laat, Wouter},
  journal={Nature methods},
  volume={4},
  number={11},
  pages={895--901},
  year={2007},
  publisher={Nature Publishing Group}
}

@article{3c-review3,
  title={Nuclear organization of the genome and the potential for gene regulation},
  author={Fraser, Peter and Bickmore, Wendy},
  journal={Nature},
  volume={447},
  number={7143},
  pages={413--417},
  year={2007},
  publisher={Nature Publishing Group}
}

@article{ccc,
  title={Capturing chromosome conformation},
  author={Dekker, Job and Rippe, Karsten and Dekker, Martijn and Kleckner, Nancy},
  journal={Science},
  volume={295},
  number={5558},
  pages={1306--1311},
  year={2002},
  publisher={American Association for the Advancement of Science}
}

@article{looping,
  title={Looping and interaction between hypersensitive sites in the active $\beta$-globin locus},
  author={Tolhuis, Bas and Palstra, Robert-Jan and Splinter, Erik and Grosveld, Frank and de Laat, Wouter},
  journal={Molecular cell},
  volume={10},
  number={6},
  pages={1453--1465},
  year={2002},
  publisher={Elsevier}
}

@article{4c,
  title={Nuclear organization of active and inactive chromatin domains uncovered by chromosome conformation capture--on-chip (4C)},
  author={Simonis, Marieke and Klous, Petra and Splinter, Erik and Moshkin, Yuri and Willemsen, Rob and de Wit, Elzo and van Steensel, Bas and de Laat, Wouter},
  journal={Nature genetics},
  volume={38},
  number={11},
  pages={1348--1354},
  year={2006},
  publisher={Nature Publishing Group}
}

@article{5c,
  title={Chromosome Conformation Capture Carbon Copy (5C): a massively parallel solution for mapping interactions between genomic elements},
  author={Dostie, Jos{\'e}e and Richmond, Todd A and Arnaout, Ramy A and Selzer, Rebecca R and Lee, William L and Honan, Tracey A and Rubio, Eric D and Krumm, Anton and Lamb, Justin and Nusbaum, Chad and others},
  journal={Genome research},
  volume={16},
  number={10},
  pages={1299--1309},
  year={2006},
  publisher={Cold Spring Harbor Lab}
}

@article{hi-c,
  title={Comprehensive mapping of long-range interactions reveals folding principles of the human genome},
  author={Lieberman-Aiden, Erez and van Berkum, Nynke L and Williams, Louise and Imakaev, Maxim and Ragoczy, Tobias and Telling, Agnes and Amit, Ido and Lajoie, Bryan R and Sabo, Peter J and Dorschner, Michael O and others},
  journal={science},
  volume={326},
  number={5950},
  pages={289--293},
  year={2009},
  publisher={American Association for the Advancement of Science}
}

@article{single,
  title={Single-cell Hi-C reveals cell-to-cell variability in chromosome structure},
  author={Nagano, Takashi and Lubling, Yaniv and Stevens, Tim J and Schoenfelder, Stefan and Yaffe, Eitan and Dean, Wendy and Laue, Ernest D and Tanay, Amos and Fraser, Peter},
  journal={Nature},
  volume={502},
  number={7469},
  pages={59--64},
  year={2013},
  publisher={Nature Publishing Group}
}

@article{single2,
  title={Single cell genomics: advances and future perspectives},
  author={Macaulay, Iain C and Voet, Thierry},
  journal={PLoS genetics},
  volume={10},
  number={1},
  pages={e1004126},
  year={2014},
  publisher={Public Library of Science}
}
