@book{einstein,
  title={Investigations on the Theory of the Brownian Movement},
  author={Einstein, Albert},
  year={1956},
  publisher={Courier Dover Publications}
}

@article{abe,
  title={Anomalous diffusion in view of Einstein's 1905 theory of Brownian motion},
  author={Abe, Sumiyoshi and Thurner, Stefan},
  journal={Physica A: Statistical Mechanics and its Applications},
  volume={356},
  number={2},
  pages={403--407},
  year={2005},
  publisher={Elsevier}
}

@article{purcell,
  title={Life at low Reynolds number},
  author={Purcell, Edward M},
  journal={Am. J. Phys},
  volume={45},
  number={1},
  pages={3--11},
  year={1977}
}

@misc{scallop,
    title={Pectinidae},
    howpublished={http://en.wikipedia.org/wiki/Pectinidae},
    note={Accessed: 2014-09-30}
}
